<?xml version="1.0" encoding="UTF-8"?><collection xmlns="http://www.loc.gov/MARC21/slim"><record><leader>00426nam--2200181-u-4500</leader><controlfield tag="001">000055860</controlfield><controlfield tag="002">20161230</controlfield><controlfield tag="005">20161230201052</controlfield><controlfield tag="008">130812s1000------------r-----000-0-rus-d</controlfield><datafield ind1=" " ind2=" " tag="040"><subfield code="a">IFIN-HH</subfield></datafield><datafield ind1=" " ind2=" " tag="041"><subfield code="a">rus</subfield></datafield><datafield ind1=" " ind2=" " tag="080"><subfield code="a">519.41/47</subfield></datafield><datafield ind1="1" ind2=" " tag="100"><subfield code="a">Jelobenko, D.P</subfield></datafield><datafield ind1="1" ind2="0" tag="245"><subfield code="a">Lektii po reorii grupp li</subfield><subfield code="c">D.p. jelobenko</subfield></datafield><datafield ind1=" " ind2=" " tag="260"><subfield code="a">Dubna</subfield><subfield code="c">1965</subfield></datafield><datafield ind1=" " ind2=" " tag="300"><subfield code="a">343P</subfield></datafield><datafield ind1=" " ind2=" " tag="852"><subfield code="a">23028</subfield><subfield code="c">519.4/5</subfield></datafield><datafield ind1=" " ind2=" " tag="CAT"><subfield code="a">Sys</subfield><subfield code="c">20130812</subfield><subfield code="h">110611</subfield></datafield></record></collection>